@book{Fowler2004,
  title={The solid earth: an introduction to global geophysics},
  author={Fowler, C M R},
  year={2004},
  publisher={Cambridge University Press}
}